<?xml version='1.0' encoding='UTF-8'?>
<record xmlns="http://www.loc.gov/MARC21/slim">
  <leader>02101cam a2200409Ma 4500</leader>
  <controlfield tag="001">1693245</controlfield>
  <controlfield tag="003">NjP</controlfield>
  <controlfield tag="005">20170516151725.0</controlfield>
  <controlfield tag="008">930524s1963    ir            000 0 ara d</controlfield>
  <datafield tag="024" ind1="7" ind2=" ">
    <subfield code="a">princeton_aco003137</subfield>
    <subfield code="2">local</subfield>
  </datafield>
  <datafield ind1=" " ind2=" " tag="035">
    <subfield code="a">(OCoLC)ocn177967130</subfield>
  </datafield>
  <datafield ind1=" " ind2=" " tag="035">
    <subfield code="a">(OCoLC)ocm36683981</subfield>
  </datafield>
  <datafield ind1=" " ind2=" " tag="035">
    <subfield code="a">(OCoLC)177967130</subfield>
  </datafield>
  <datafield ind1=" " ind2=" " tag="035">
    <subfield code="9">CFL6936TS</subfield>
  </datafield>
  <datafield ind1=" " ind2=" " tag="035">
    <subfield code="a">(NjP)1693245</subfield>
  </datafield>
  <datafield ind1=" " ind2=" " tag="040">
    <subfield code="a">HLS</subfield>
    <subfield code="c">PUL</subfield>
    <subfield code="d">PUL</subfield>
  </datafield>
  <datafield ind1=" " ind2=" " tag="049">
    <subfield code="a">PULL</subfield>
  </datafield>
  <datafield ind1=" " ind2=" " tag="079">
    <subfield code="a">ocm36683981</subfield>
  </datafield>
  <datafield ind1="1" ind2=" " tag="100">
    <subfield code="6">880-01</subfield>
    <subfield code="a">Wāʻiẓī, ʻAbd al-Rasūl.</subfield>
  </datafield>
  <datafield ind1="1" ind2="0" tag="245">
    <subfield code="6">880-02</subfield>
    <subfield code="a">Ashiʻah min balāghat al-Imām al-Ṣādiq /</subfield>
    <subfield code="c">taʼlīf al-Shaykh ʻAbd al-Rasūl al-Wāʻiẓī.</subfield>
  </datafield>
  <datafield ind1="3" ind2=" " tag="246">
    <subfield code="6">880-03</subfield>
    <subfield code="a">Khuṭab</subfield>
  </datafield>
  <datafield ind1="1" ind2="5" tag="246">
    <subfield code="6">880-04</subfield>
    <subfield code="a">Ashiʻah min balāghat al-Imām al-Ṣādiq, khuṭab -- rasāʼil -- mawāʻiẓ, athar qayyim yaḥtawī ʻalá khuṭab sādis aʼimmat ahl al-bayt wa-kutubihi wa-ḥikamihi ʻalá nasaq Nahj al-balāghah</subfield>
  </datafield>
  <datafield ind1=" " ind2=" " tag="250">
    <subfield code="6">880-05</subfield>
    <subfield code="a">al-Ṭabʻah 2.</subfield>
  </datafield>
  <datafield ind1=" " ind2=" " tag="260">
    <subfield code="6">880-06</subfield>
    <subfield code="a">Tahrān :</subfield>
    <subfield code="b">Dār al-Hidāyah lil-Nashr wa-al-Tawzīʻ,</subfield>
    <subfield code="c">1963.</subfield>
  </datafield>
  <datafield ind1=" " ind2=" " tag="300">
    <subfield code="a">208 p. ;</subfield>
    <subfield code="c">24 cm.</subfield>
  </datafield>
  <datafield ind1="0" ind2="0" tag="600">
    <subfield code="a">Jaʻfar al-Ṣādiq,</subfield>
    <subfield code="d">702?-765 or 766.</subfield>
    <subfield code="0">http://id.loc.gov/authorities/names/n84033098</subfield>
  </datafield>
  <datafield ind1="0" ind2="2" tag="700">
    <subfield code="6">880-07</subfield>
    <subfield code="a">Jaʻfar al-Ṣādiq,</subfield>
    <subfield code="d">702?-765 or 766.</subfield>
    <subfield code="t">Khuṭab.</subfield>
    <subfield code="f">1982.</subfield>
    <subfield code="0">http://id.loc.gov/authorities/names/n84033098</subfield>
  </datafield>
  <datafield ind1="1" ind2=" " tag="880">
    <subfield code="6">100-01/r</subfield>
    <subfield code="a">واعظي، عبد الرسول.</subfield>
  </datafield>
  <datafield ind1="1" ind2="0" tag="880">
    <subfield code="6">245-02/r</subfield>
    <subfield code="a">اشعة من بلاغة الامام الصادق /</subfield>
    <subfield code="c">تأليف الشيخ عبد الرسول الواعظي.</subfield>
  </datafield>
  <datafield ind1="3" ind2=" " tag="880">
    <subfield code="6">246-03/r</subfield>
    <subfield code="a">خطب</subfield>
  </datafield>
  <datafield ind1="1" ind2="5" tag="880">
    <subfield code="6">246-04/r</subfield>
    <subfield code="a">اشعة من بلاغة الامام الصادق، خطب رسائل مواعظ، اثر قيم يحتوي على خطب سادس أمة اهل البيت وكتبه وحكمه على نسق نهج البلاغة</subfield>
  </datafield>
  <datafield ind1=" " ind2=" " tag="880">
    <subfield code="6">250-05/r</subfield>
    <subfield code="a">الطبعة 2.</subfield>
  </datafield>
  <datafield ind1=" " ind2=" " tag="880">
    <subfield code="6">260-06/r</subfield>
    <subfield code="a">تهران :</subfield>
    <subfield code="b">دار الهداية للنشر والتوزيع،</subfield>
    <subfield code="c">1963.</subfield>
  </datafield>
  <datafield ind1="0" ind2="2" tag="880">
    <subfield code="6">700-07/r</subfield>
    <subfield code="a">جعفر الصادق،</subfield>
    <subfield code="d">702?-765 or 766.</subfield>
    <subfield code="t">خطب.</subfield>
    <subfield code="f">1982.</subfield>
  </datafield>
  <datafield ind1=" " ind2=" " tag="947">
    <subfield code="a">CFL6936</subfield>
  </datafield>
  <datafield ind1=" " ind2=" " tag="911">
    <subfield code="a">20000130</subfield>
  </datafield>
  <datafield ind1=" " ind2=" " tag="994">
    <subfield code="a">C0</subfield>
    <subfield code="b">PUL</subfield>
  </datafield>
  <datafield ind1=" " ind2=" " tag="999">
    <subfield code="a">1693245</subfield>
  </datafield>
  <datafield ind1="0" ind2="0" tag="852">
    <subfield code="0">1951003</subfield>
    <subfield code="b">rcppa</subfield>
    <subfield code="t">0</subfield>
    <subfield code="h">BP193.16.A3</subfield>
    <subfield code="i">W359 1963</subfield>
    <subfield code="x">tr fr nec</subfield>
  </datafield>
  <datafield ind1=" " ind2=" " tag="959">
    <subfield code="a">2000-06-13 00:00:00 -0400</subfield>
  </datafield>
</record>
